@Manual{R-knitr,
  title = {knitr: A General-Purpose Package for Dynamic Report
    Generation in R},
  author = {Yihui Xie},
  year = {2019},
  note = {R package version 1.26},
  url = {https://CRAN.R-project.org/package=knitr},
}
@Manual{R-psych,
  title = {psych: Procedures for Psychological, Psychometric,
    and Personality Research},
  author = {William Revelle},
  year = {2019},
  note = {R package version 1.8.12},
  url = {https://CRAN.R-project.org/package=psych},
}
@Manual{R-rmdformats,
  title = {rmdformats: HTML Output Formats and Templates for
    'rmarkdown' Documents},
  author = {Julien Barnier},
  year = {2019},
  note = {R package version 0.3.6},
  url = {https://CRAN.R-project.org/package=rmdformats},
}
@Manual{R-rmdtemplates,
  title = {rmdtemplates: RMD Templates},
  author = {André {Calero Valdez}},
  year = {2019},
  note = {R package version 0.1.0.0},
}
@Manual{R-scales,
  title = {scales: Scale Functions for Visualization},
  author = {Hadley Wickham and Dana Seidel},
  year = {2019},
  note = {R package version 1.1.0},
  url = {https://CRAN.R-project.org/package=scales},
}
@Manual{R-tidyverse,
  title = {tidyverse: Easily Install and Load the
    'Tidyverse'},
  author = {Hadley Wickham},
  year = {2019},
  note = {R package version 1.3.0},
  url = {https://CRAN.R-project.org/package=tidyverse},
}
@Book{knitr2015,
  title = {Dynamic Documents with {R} and knitr},
  author = {Yihui Xie},
  publisher = {Chapman and Hall/CRC},
  address = {Boca Raton, Florida},
  year = {2015},
  edition = {2nd},
  note = {ISBN 978-1498716963},
  url = {https://yihui.name/knitr/},
}
@InCollection{knitr2014,
  booktitle = {Implementing Reproducible Computational
    Research},
  editor = {Victoria Stodden and Friedrich Leisch and Roger D.
    Peng},
  title = {knitr: A Comprehensive Tool for Reproducible
    Research in {R}},
  author = {Yihui Xie},
  publisher = {Chapman and Hall/CRC},
  year = {2014},
  note = {ISBN 978-1466561595},
  url = {http://www.crcpress.com/product/isbn/9781466561595},
}
@Article{tidyverse2019,
  title = {Welcome to the {tidyverse}},
  author = {Hadley Wickham and Mara Averick and Jennifer Bryan
    and Winston Chang and Lucy D'Agostino McGowan and Romain
    François and Garrett Grolemund and Alex Hayes and Lionel
    Henry and Jim Hester and Max Kuhn and Thomas Lin Pedersen
    and Evan Miller and Stephan Milton Bache and Kirill Müller
    and Jeroen Ooms and David Robinson and Dana Paige Seidel
    and Vitalie Spinu and Kohske Takahashi and Davis Vaughan and
    Claus Wilke and Kara Woo and Hiroaki Yutani},
  year = {2019},
  journal = {Journal of Open Source Software},
  volume = {4},
  number = {43},
  pages = {1686},
  doi = {10.21105/joss.01686},
}
